<record><leader>00000cas a22000007a 4500</leader><controlfield tag="001">12192568</controlfield><controlfield tag="008">850624d18661867nyudr n       0    0eng d</controlfield><datafield ind1=" " ind2=" " tag="010"><subfield code="a">sn 85063070 </subfield></datafield><datafield ind1=" " ind2=" " tag="040"><subfield code="a">NYG</subfield><subfield code="b">eng</subfield><subfield code="c">NYG</subfield><subfield code="d">NSD</subfield><subfield code="d">IUL</subfield><subfield code="d">NYS</subfield><subfield code="d">OCLCQ</subfield><subfield code="d">OCLCF</subfield><subfield code="d">OCLCO</subfield><subfield code="d">IUL</subfield></datafield><datafield ind1=" " ind2=" " tag="042"><subfield code="a">msc</subfield></datafield><datafield ind1=" " ind2=" " tag="043"><subfield code="a">n-us-ny</subfield></datafield><datafield ind1=" " ind2="4" tag="050"><subfield code="a">HX656</subfield><subfield code="b">.O518</subfield></datafield><datafield ind1=" " ind2=" " tag="092"><subfield code="a">335.9747</subfield><subfield code="b">O58d</subfield></datafield><datafield ind1="0" ind2="0" tag="245"><subfield code="a">Daily journal of Oneida Community.</subfield></datafield><datafield ind1="1" ind2="7" tag="246"><subfield code="a">Daily journal</subfield></datafield><datafield ind1=" " ind2=" " tag="260"><subfield code="a">[Oneida, N.Y.] :</subfield><subfield code="b">Oneida Community,</subfield><subfield code="c">1866-1867.</subfield></datafield><datafield ind1=" " ind2=" " tag="300"><subfield code="a">3 v. ;</subfield><subfield code="c">13 cm.</subfield></datafield><datafield ind1=" " ind2=" " tag="310"><subfield code="a">Daily</subfield></datafield><datafield ind1="0" ind2=" " tag="362"><subfield code="a">[Vol. 1], no. 1 (Jan. 14, 1866)-v. 3, no. 20 (Jan. 23, 1867).</subfield></datafield><datafield ind1=" " ind2=" " tag="515"><subfield code="a">Issues for Jan. 14-June 30, 1866 have no vol. numbering but constitute v. 1.</subfield></datafield><datafield ind1="2" ind2="0" tag="610"><subfield code="a">Oneida Community</subfield><subfield code="v">Newspapers.</subfield></datafield><datafield ind1=" " ind2="0" tag="651"><subfield code="a">Oneida (N.Y.)</subfield><subfield code="v">Newspapers.</subfield></datafield><datafield ind1=" " ind2="0" tag="651"><subfield code="a">Madison County (N.Y.)</subfield><subfield code="v">Newspapers.</subfield></datafield><datafield ind1="2" ind2="7" tag="610"><subfield code="a">Oneida Community.</subfield><subfield code="2">fast</subfield><subfield code="0">(OCoLC)fst00532119</subfield></datafield><datafield ind1=" " ind2="7" tag="655"><subfield code="a">Newspapers.</subfield><subfield code="2">fast</subfield><subfield code="0">(OCoLC)fst01423814</subfield></datafield><datafield ind1="2" ind2=" " tag="710"><subfield code="a">Oneida Community.</subfield></datafield><datafield ind1=" " ind2=" " tag="752"><subfield code="a">United States</subfield><subfield code="b">New York</subfield><subfield code="c">Madison</subfield><subfield code="d">Oneida.</subfield></datafield><datafield ind1="0" ind2="8" tag="776"><subfield code="i">Online version:</subfield><subfield code="t">Daily journal of Oneida Community</subfield><subfield code="w">(OCoLC)609806526</subfield></datafield><datafield ind1="0" ind2="0" tag="785"><subfield code="t">O.C. daily</subfield><subfield code="x">0098-9967</subfield><subfield code="w">(DLC)sn 85063071</subfield><subfield code="w">(OCoLC)12192870</subfield></datafield><datafield ind1="1" ind2=" " tag="029"><subfield code="a">AU@</subfield><subfield code="b">000020381327</subfield></datafield></record>